<?xml version="1.0" encoding="UTF-8"?><collection xmlns="http://www.loc.gov/MARC21/slim"><record><leader>00397nam--2200133-i-4500</leader><controlfield tag="001">000013281</controlfield><controlfield tag="002">20161230</controlfield><controlfield tag="005">20161230201030</controlfield><controlfield tag="008">060222s1000------------r-----000-0-eng-d</controlfield><datafield ind1=" " ind2=" " tag="245"><subfield code="a">Cercetari seismologice asupra cutremurului din 4 martie 1977</subfield></datafield><datafield ind1=" " ind2=" " tag="260"><subfield code="a">Bucuresti, Centrul De Fizica Pamintului Si Seismologie, 1979</subfield></datafield><datafield ind1=" " ind2=" " tag="490"><subfield code="a">Viii + 773 P</subfield></datafield><datafield ind1=" " ind2=" " tag="700"><subfield code="a">Cornea, I.Si Radu, C</subfield></datafield><datafield ind1=" " ind2=" " tag="852"><subfield code="a">550.34(498)</subfield></datafield></record></collection>